%%% -*-BibTeX-*-
%%% ====================================================================
%%%  BibTeX-file{
%%%     author          = "Eric Grosse",
%%%     version         = "1.26",
%%%     date            = "28 October 2003",
%%%     time            = "15:32:08 MST",
%%%     filename        = "grosse-eric.bib",
%%%     address         = "Bell Labs (Lucent Technologies)
%%%                        2T-504
%%%                        Murray Hill NJ 07974-0636
%%%                        USA",
%%%     telephone       = "+1 908 582 5828",
%%%     FAX             = "1 908 582 7415",
%%%     checksum        = "36470 1128 4210 42764",
%%%     email           = "ehg at netlib.bell-labs.com (Internet)",
%%%     codetable       = "ISO/ASCII",
%%%     keywords        = "scientific computing",
%%%     supported       = "yes",
%%%     docstring       = "This is a bibliography of publications of
%%%                        Eric Grosse.  The companion LaTeX file
%%%                        grosse-eric.ltx can be used to typeset
%%%                        this bibliography.
%%%
%%%                        At version 1.26, the year coverage looked
%%%                        like this:
%%%
%%%                             1976 (   2)    1986 (   2)    1996 (   1)
%%%                             1977 (   0)    1987 (   6)    1997 (   2)
%%%                             1978 (   3)    1988 (   2)    1998 (   0)
%%%                             1979 (   1)    1989 (   4)    1999 (   1)
%%%                             1980 (   2)    1990 (   4)    2000 (   0)
%%%                             1981 (   2)    1991 (   6)    2001 (   1)
%%%                             1982 (   0)    1992 (   4)    2002 (   2)
%%%                             1983 (   6)    1993 (   1)    2003 (   1)
%%%                             1984 (   0)    1994 (   2)
%%%                             1985 (   5)    1995 (   5)
%%%
%%%                             Article:         34
%%%                             InProceedings:   19
%%%                             PhdThesis:        1
%%%                             Proceedings:      5
%%%                             TechReport:       6
%%%
%%%                             Total entries:   65
%%%
%%%                        This file is available as part of the BibNet
%%%                        Project.  The master copy is available for
%%%                        public access on ftp.math.utah.edu in the
%%%                        directory tree /pub/bibnet/authors.  It is
%%%                        mirrored to netlib.bell-labs.com in the
%%%                        directory tree /netlib/bibnet/authors, from
%%%                        which it is available via anonymous ftp and
%%%                        the Netlib service.
%%%
%%%                        The checksum field above contains a CRC-16
%%%                        checksum as the first value, followed by the
%%%                        equivalent of the standard UNIX wc (word
%%%                        count) utility output of lines, words, and
%%%                        characters.  This is produced by Robert
%%%                        Solovay's checksum utility.",
%%%  }
%%% ====================================================================

@Preamble{"\input path.sty"}

%%% ====================================================================
%%% Journal abbreviations:

@String{j-ACAPA                 = "American Crystallographic
                                  Association Program and Abstracts"}

@String{j-APL-PHY-LET           = "Applied Physics Letters"}

@String{j-BIT                   = "BIT"}

@String{j-D-LIB-MAGAZINE        = "D-Lib magazine: the magazine of the
                                  Digital Library Forum"}

@String{j-DISC-COMP-GEOM        = "J. Discrete and Computational Geometry"}

@String{j-ECONOMETRICS          = "J. Econometrics"}

@String{j-IEEE-COMPUT-SCI-ENG   = "IEEE Computational Science \& Engineering"}

@String{j-IEEE-NETWORK          = "IEEE Network"}

@String{j-IEEE-POT              = "IEEE Potentials"}

@String{j-IEEE-TRANS-CAD        = "IEEE Trans. on Computer-Aided Design"}

@String{j-IEEE-TRANS-ED         = "IEEE Trans. on Electron Devices"}

@String{j-LIN-ALG-APP           = "Linear Algebra and Its Applications"}

@String{j-MATH-COMPUT           = "Math. Comp."}

@String{j-N-I-A-CR              = "Newsletter of the International
                                  Association for Cryptologic Research"}

@String{j-NUMER-ALGORITHMS      = "Numerical Algorithms"}

@String{j-SIAM-J-SCI-STAT-COMP  = "SIAM J. Sci. Stat. Comput."}

@String{j-SIAM-NEWS             = "SIAM News"}

@String{j-SIGNUM                = "SIGNUM Newsletter"}

@String{j-SPIE                  = "SPIE Proceedings"}

@String{j-STAT-COMP             = "Statistics and Computing"}

@String{j-TOMS                  = "ACM Trans. Math. Software"}

%%% ====================================================================
%%% Publisher abbreviations:

@String{pub-ACM                 = "ACM Press"}

@String{pub-ACM:adr             = "New York, NY 10036, USA"}

@String{pub-AMS                 = "American Mathematical Society"}

@String{pub-AMS:adr             = "Providence, RI, USA"}

@String{pub-AP                  = "Academic Press"}

@String{pub-AP:adr              = "New York, NY, USA"}

@String{pub-ATT-BELL            = "AT\&T Bell Laboratories"}

@String{pub-ATT-BELL:adr        = "Murray Hill, NJ, USA"}

@String{pub-BC                  = "Brooks\slash Cole"}

@String{pub-BC:adr              = "Pacific Grove, CA, USA"}

@String{pub-CHAPMAN-HALL        = "Chapman and Hall"}

@String{pub-CHAPMAN-HALL:adr    = "London, England"}

@String{pub-IEEE                = "IEEE"}

@String{pub-IEEE:adr            = "1109 Spring Street, Suite 300,
                                  Silver Spring, MD 20910, USA"}

@String{pub-KLUWER              = "Kluwer Academic Press"}

@String{pub-KLUWER:adr          = "Dordrecht, The Netherlands"}

@String{pub-NH                  = "North-Hol{\-}land"}

@String{pub-NH:adr              = "Amsterdam, The Netherlands"}

@String{pub-ORA         = "O'Reilly \& {Associates, Inc.}"}

@String{pub-ORA:adr     = "103a Morris Street,
                           Sebastopol, CA 95472,
                           USA,
                           Tel: +1 707 829 0515,
                           and
                           90 Sherman Street,
                           Cambridge, MA 02140,
                           USA,
                           Tel: +1 617 354 5800"}

@String{pub-SPRINGER            = "Springer-Verlag"}

@String{pub-SPRINGER:adr        = "Berlin, Heidelberg, New York, Tokyo"}

@String{pub-USENIX              = "USENIX"}

@String{pub-USENIX:adr          = "Berkeley, CA, USA"}

@String{pub-WADSWORTH           = "Wadsworth"}

@String{pub-WADSWORTH:adr       = "Belmont, CA, USA"}

%%% ====================================================================
%%% Bibliography entries:

@TechReport{Chan:1976:NAP,
  author =       "T. F. Chan and W. M. {Coughran, Jr.} and E. H. Grosse
                 and M. T. Heath and F. T. Luk",
  title =        "Numerical Analysis Program Library User's Guide
                 {(NAPLUG)}",
  type =         "User Note",
  number =       "82",
  institution =  "SLAC Computing Services",
  year =         "1976",
  bibsource =    "ftp://ftp.math.utah.edu/pub/bibnet/authors/g/grosse-eric.bib",
}

@Article{Johnson:1976:IPM,
  author =       "C. Johnson and E. H. Grosse",
  title =        "Interpolation Polynomials, Minimal Spanning Trees and
                 Ridge-line Analysis in Density Map Interpretation",
  journal =      j-ACAPA,
  volume =       "4",
  number =       "2",
  pages =        "48",
  year =         "1976",
  CODEN =        "ACRABY",
  ISSN =         "0569-4221",
  bibsource =    "ftp://ftp.math.utah.edu/pub/bibnet/authors/g/grosse-eric.bib",
}

@InProceedings{Grosse:1978:NAM,
  author =       "E. H. Grosse and M. H. Wright",
  booktitle =    "National Resource for Computation Chemistry workshop",
  title =        "Numerical Analysis for Model Building and Refinement",
  year =         "1978",
  bibsource =    "ftp://ftp.math.utah.edu/pub/bibnet/authors/g/grosse-eric.bib",
}

@InProceedings{Grosse:1978:SRG,
  author =       "E. H. Grosse",
  title =        "Software Restyling in Graphics and Programming
                  Languages",
  crossref =     "ARO:1978:PAN",
  pages =        "79--108",
  year =         "1978",
  bibsource =    "ftp://ftp.math.utah.edu/pub/bibnet/authors/g/grosse-eric.bib",
}

@Article{Coughran:1979:NLN,
  author =       "W. M. {Coughran, Jr.} and E. H. Grosse",
  title =        "New Languages for Numerical Software",
  journal =      j-SIGNUM,
  volume =       "14",
  pages =        "73--75",
  year =         "1979",
  CODEN =        "SNEWD6",
  ISSN =         "0163-5778",
  bibsource =    "ftp://ftp.math.utah.edu/pub/bibnet/authors/g/grosse-eric.bib",
}

@Article{Chan:1980:NLS,
  author =       "Tony F. Chan and William M. {Coughran, Jr.} and Eric
                 H. Grosse and Michael T. Heath",
  title =        "A Numerical Library and Its Support",
  journal =      j-TOMS,
  volume =       "6",
  number =       "2",
  pages =        "135--145",
  month =        jun,
  year =         "1980",
  CODEN =        "ACMSCU",
  ISSN =         "0098-3500",
  bibdate =      "Mon Aug 29 10:33:27 1994",
  bibsource =    "ftp://ftp.math.utah.edu/pub/bibnet/authors/g/grosse-eric.bib",
  acknowledgement = ack-nhfb,
  keywords =     "library management and organization, mathematical
                 software, numerical analysis",
}

@Article{Grosse:1980:TSA,
  author =       "E. H. Grosse",
  title =        "Tensor Spline Approximation",
  journal =      j-LIN-ALG-APP,
  volume =       "34",
  pages =        "29--41",
  year =         "1980",
  bibsource =    "ftp://ftp.math.utah.edu/pub/bibnet/authors/g/grosse-eric.bib",
}

@Article{Bjorstad:1981:EAE,
  author =       "Petter E. Bj{\o}rstad and Germund Dahlquist and Eric
                 H. Grosse",
  title =        "Extrapolation of Asymptotic Expansions by a Modified
                 {Aitken} $\delta^2$-Formula",
  journal =      j-BIT,
  volume =       "21",
  number =       "1",
  pages =        "56--65",
  year =         "1981",
  CODEN =        "BITTEL, NBITAB",
  ISSN =         "0006-3835",
  MRclass =      "65B05 (41A60)",
  MRnumber =     "82e:65005",
  bibdate =      "Thu Nov 12 18:12:56 MST 1998",
  bibsource =    "ftp://ftp.math.utah.edu/pub/bibnet/authors/g/grosse-eric.bib",
  acknowledgement = ack-nhfb,
}

@PhdThesis{Grosse:1981:AOE,
  author =       "E. H. Grosse",
  title =        "Approximation and Optimization of Electron Density
                 Maps",
  school =       "Stanford University Computer Science Department",
  year =         "1981",
  bibsource =    "ftp://ftp.math.utah.edu/pub/bibnet/authors/g/grosse-eric.bib",
  note =         "STAN-CS-80-835",
}

@Article{Coughran:1983:CCA,
  author =       "W. M. {Coughran, Jr.} and E. H. Grosse and D. J.
                 Rose",
  title =        "{CAzM}: {A} Circuit-Analyzer with Macromodeling",
  journal =      j-IEEE-TRANS-ED,
  volume =       "ED-30",
  pages =        "1207--1213",
  year =         "1983",
  bibdate =      "Sat Sep 10 10:51:21 1994",
  bibsource =    "ftp://ftp.math.utah.edu/pub/bibnet/authors/g/grosse-eric.bib",
}

@TechReport{Coughran:1983:GE,
  author =       "W. M. {Coughran, Jr.} and E. H. Grosse",
  title =        "The Grove Editor",
  type =         "Numerical Analysis Manuscript",
  number =       "83-3",
  institution =  "ATT Bell Laboratories",
  year =         "1983",
  bibsource =    "ftp://ftp.math.utah.edu/pub/bibnet/authors/g/grosse-eric.bib",
}

@Article{Friedman:1983:MAS,
  author =       "J. H. Friedman and E. H. Grosse and W. Stuetzle",
  title =        "Multidimensional Additive Spline Approximation",
  journal =      j-SIAM-J-SCI-STAT-COMP,
  volume =       "4",
  pages =        "291--301",
  year =         "1983",
  CODEN =        "SIJCD4",
  ISSN =         "0196-5204",
  bibsource =    "ftp://ftp.math.utah.edu/pub/bibnet/authors/g/grosse-eric.bib",
}

@TechReport{Grosse:1983:PPL,
  author =       "E. H. Grosse and W. M. {Coughran, Jr.}",
  title =        "The Pine Programming Language",
  type =         "Numerical Analysis Manuscript",
  number =       "83-4",
  institution =  "ATT Bell Laboratories",
  year =         "1983",
  bibsource =    "ftp://ftp.math.utah.edu/pub/bibnet/authors/g/grosse-eric.bib",
  URL =          "ftp://cm.bell-labs.com/cm/cs/doc/92/pine.ps.gz",
}

@TechReport{Petersen:1983:DFI,
  author =       "Wesley Petersen and Wolfgang Fichtner and Eric
                 Grosse",
  title =        "Distribution Functions for Ion Ranges",
  type =         "Numerical Analysis Manuscript",
  institution =  "ATT Bell Laboratories",
  year =         "1983",
  bibsource =    "ftp://ftp.math.utah.edu/pub/bibnet/authors/g/grosse-eric.bib",
}

@Article{Petersen:1983:VMC,
  author =       "Wesley Petersen and Wolfgang Fichtner and Eric
                 Grosse",
  title =        "Vectorized {Monte Carlo} Calculation for the Transport
                 of Ions in Amorphous Targets",
  journal =      j-IEEE-TRANS-ED,
  volume =       "ED-30",
  pages =        "1011--1017",
  year =         "1983",
  bibsource =    "ftp://ftp.math.utah.edu/pub/bibnet/authors/g/grosse-eric.bib",
}

@InProceedings{Baker:1985:SPM,
  author =       "Brenda S. Baker and S. J. Fortune and Eric H. Grosse",
  title =        "Stable Prehension with a Multi-Fingered Hand",
  crossref =     "ACM:1985:PSA",
  pages =        "114--120",
  year =         "1985",
  bibsource =    "ftp://ftp.math.utah.edu/pub/bibnet/authors/g/grosse-eric.bib",
}

@Article{Bank:1985:TSS,
  author =       "R. E. Bank and W. M. {Coughran, Jr.} and W. Fichtner
                 and E. H. Grosse and D. J. Rose and R. K. Smith",
  title =        "Transient Simulation of Silicon Devices and Circuits",
  journal =      j-IEEE-TRANS-CAD,
  volume =       "CAD-4",
  pages =        "436--451",
  year =         "1985",
  bibsource =    "ftp://ftp.math.utah.edu/pub/bibnet/authors/g/grosse-eric.bib",
  note =         "(also IEEE Trans. on Electron Devices ED-32)",
}

@Article{Dongarra:1985:DMS,
  author =       "J. J. Dongarra and E. Grosse",
  title =        "Distribution of mathematical software via electronic
                 mail",
  journal =      j-SIGNUM,
  volume =       "20",
  number =       "3",
  pages =        "45--47",
  month =        jul,
  year =         "1985",
  CODEN =        "SNEWD6",
  ISSN =         "0163-5778",
  bibdate =      "Sat Aug 13 17:16:02 MDT 1994",
  acknowledgement = ack-nhfb,
  keywords =     "design; algorithms",
  subject =      "H.4.3 Information Systems, INFORMATION SYSTEMS
                 APPLICATIONS, Communications Applications, Electronic
                 mail",
}

@TechReport{Grosse:1985:CLP,
  author =       "Eric Grosse",
  title =        "Colors for Level Plots",
  type =         "Numerical Analysis Manuscript",
  number =       "85-1",
  institution =  "ATT Bell Laboratories",
  year =         "1985",
  bibsource =    "ftp://ftp.math.utah.edu/pub/bibnet/authors/g/grosse-eric.bib",
  URL =          "ftp://cm.bell-labs.com/cm/cs/doc/85/4-01.ps.gz",
}

@Article{Coughran:1986:VDS,
  author =       "William M. {Coughran, Jr.} and Eric Grosse and Donald
                 J. Rose",
  title =        "Variation Diminishing Splines in Simulation",
  journal =      j-SIAM-J-SCI-STAT-COMP,
  volume =       "7",
  pages =        "696--705",
  year =         "1986",
  CODEN =        "SIJCD4",
  ISSN =         "0196-5204",
  bibsource =    "ftp://ftp.math.utah.edu/pub/bibnet/authors/g/grosse-eric.bib",
}

@InProceedings{Grosse:1986:SSA,
  author =       "Eric Grosse",
  editor =       "C. K. Chui and L. L. Schumaker and J. D. Ward",
  booktitle =    "Approximation Theory V",
  title =        "Spectral Spline Approximation",
  publisher =    pub-AP,
  address =      pub-AP:adr,
  pages =        "363--366 (of xviii + 654)",
  year =         "1986",
  ISBN =         "0-12-174581-3",
  LCCN =         "QA221 .I56 1986",
  bibdate =      "Mon Jul 11 13:32:00 MDT 1994",
  bibsource =    "ftp://ftp.math.utah.edu/pub/bibnet/authors/g/grosse-eric.bib",
}

@TechReport{Astfalk:1987:FPD,
  author =       "Greg Astfalk and Jack Dongarra and Eric Grosse",
  title =        "Finding Public Domain Mathematical Software",
  type =         "Numerical Analysis Manuscript",
  number =       "87-5",
  institution =  pub-ATT-BELL,
  address =      pub-ATT-BELL:adr,
  year =         "1987",
  bibdate =      "Mon Jul 11 13:32:00 MDT 1994",
  bibsource =    "ftp://ftp.math.utah.edu/pub/bibnet/authors/g/grosse-eric.bib",
}

@Article{Bjorstad:1987:CMC,
  author =       "P. E. Bj{\o}rstad and E. H. Grosse",
  title =        "Conformal Mapping of Circular Arc Polygons",
  journal =      j-SIAM-J-SCI-STAT-COMP,
  volume =       "8",
  pages =        "19--32",
  year =         "1987",
  CODEN =        "SIJCD4",
  ISSN =         "0196-5204",
  bibsource =    "ftp://ftp.math.utah.edu/pub/bibnet/authors/g/grosse-eric.bib",
}

@Article{Bosacchi:1987:NCM,
  author =       "Bruno Bosacchi and Robert C. Oehrle and Eric Grosse",
  title =        "Nondestructive Characterization of Multilayer
                 Structures by Resonant Attenuated Total Reflection
                 Spectroscopy",
  journal =      j-APL-PHY-LET,
  volume =       "51",
  pages =        "158--160",
  year =         "1987",
  bibsource =    "ftp://ftp.math.utah.edu/pub/bibnet/authors/g/grosse-eric.bib",
}

@InProceedings{Coughran:1987:ACC,
  author =       "W. M. {Coughran, Jr.} and Eric Grosse and Donald J.
                 Rose",
  editor =       "W. Fichtner and M. Morf",
  booktitle =    "VLSI CAD Tools and Applications",
  title =        "Aspects of Computational Circuit Analysis",
  publisher =    pub-KLUWER,
  address =      pub-KLUWER:adr,
  pages =        "105--127 (of x + 552)",
  year =         "1987",
  ISBN =         "0-89838-193-2",
  LCCN =         "TK7874 .V5572 1987",
  bibdate =      "Mon Jul 11 12:58:02 1994",
  bibsource =    "ftp://ftp.math.utah.edu/pub/bibnet/authors/g/grosse-eric.bib",
}

@Article{Dongarra:1987:DMS,
  author =       "Jack J. Dongarra and Eric Grosse",
  title =        "Distribution of Mathematical Software Via Electronic
                 Mail",
  journal =      cacm,
  volume =       "30",
  pages =        "403--407",
  year =         "1987",
  bibsource =    "ftp://ftp.math.utah.edu/pub/bibnet/authors/g/grosse-eric.bib",
}

@Article{Grosse:1987:UCB,
  author =       "Eric Grosse and Cleve Moler",
  title =        "Underflow can be Harmful",
  journal =      j-SIAM-NEWS,
  volume =       "20",
  number =       "6",
  pages =        "1",
  year =         "1987",
  bibsource =    "ftp://ftp.math.utah.edu/pub/bibnet/authors/g/grosse-eric.bib",
}

@Article{Baker:1988:NOT,
  author =       "Brenda Baker and Eric Grosse and Conor Rafferty",
  title =        "Non-Obtuse Triangulation of Polygons",
  journal =      j-DISC-COMP-GEOM,
  volume =       "3",
  pages =        "147--168",
  year =         "1988",
  bibdate =      "Tue Jul  2 12:25:49 1996",
  bibsource =    "ftp://ftp.math.utah.edu/pub/bibnet/authors/g/grosse-eric.bib",
  URL =          "http://cm.bell-labs.com/cm/cs/doc/85/nonobtuse.pdf",
}

@Article{Cleveland:1988:RLF,
  author =       "William S. Cleveland and Susan J. Devlin and Eric
                 Grosse",
  title =        "Regression by Local Fitting: Methods, Properties, and
                 Computational Algorithms",
  journal =      j-ECONOMETRICS,
  volume =       "37",
  pages =        "87--114",
  year =         "1988",
  bibsource =    "ftp://ftp.math.utah.edu/pub/bibnet/authors/g/grosse-eric.bib",
}

@Article{Coughran:1989:ETC,
  author =       "W. M. {Coughran, Jr.} and W. Fichtner and Eric
                 Grosse",
  title =        "Extracting Transistor Charges from Device Simulations
                 by Gradient Fitting",
  journal =      j-IEEE-TRANS-CAD,
  volume =       "8",
  pages =        "380--394",
  year =         "1989",
  bibsource =    "ftp://ftp.math.utah.edu/pub/bibnet/authors/g/grosse-eric.bib",
  nam =          "88-08",
}

@Article{Coughran:1989:PSC,
  author =       "W. M. {Coughran, Jr.} and Eric Grosse",
  title =        "A Philosophy for Scientific Computing Tools",
  journal =      j-SIGNUM,
  volume =       "24",
  number =       "2/3",
  pages =        "2--9",
  month =        apr # "\slash " # jul,
  year =         "1989",
  CODEN =        "SNEWD6",
  ISSN =         "0163-5778",
  bibsource =    "ftp://ftp.math.utah.edu/pub/bibnet/authors/g/grosse-eric.bib",
  nam =          "89-02",
  keywords =     "algorithms; design; theory",
  subject =      "J.2 Computer Applications, PHYSICAL SCIENCES AND
                 ENGINEERING \\ I.1.2 Computing Methodologies, ALGEBRAIC
                 MANIPULATION, Algorithms \\ G.4 Mathematics of
                 Computing, MATHEMATICAL SOFTWARE",
}

@Article{Dongarra:1989:SMS,
  author =       "Jack Dongarra and Eric Grosse",
  title =        "Shopping for Mathematical Software Electronically",
  journal =      j-IEEE-POT,
  volume =       "8",
  pages =        "37--38",
  month =        feb,
  year =         "1989",
  CODEN =        "IEPTDF",
  ISSN =         "0278-6648",
  bibsource =    "ftp://ftp.math.utah.edu/pub/bibnet/authors/g/grosse-eric.bib",
  note =         "condensed version of CACM paper",
}

@InProceedings{Grosse:1989:LMS,
  author =       "Eric Grosse",
  editor =       "C. K. Chui and L. L. Schumaker and J. D. Ward",
  booktitle =    "Approximation Theory VI",
  title =        "{LOESS}: Multivariate Smoothing by Moving Least
                 Squares",
  publisher =    pub-AP,
  address =      pub-AP:adr,
  pages =        "299--302",
  year =         "1989",
  ISBN =         "0-12-174587-2",
  LCCN =         "QA221 .I56 1989",
  bibdate =      "Mon Jul 11 13:32:00 MDT 1994",
  bibsource =    "ftp://ftp.math.utah.edu/pub/bibnet/authors/g/grosse-eric.bib",
}

@Article{Coughran:1990:TSAa,
  author =       "W. M. {Coughran, Jr.} and Eric Grosse",
  title =        "Techniques for Scientific Animation",
  journal =      j-SPIE,
  volume =       "1259",
  pages =        "72--79",
  year =         "1990",
  bibsource =    "ftp://ftp.math.utah.edu/pub/bibnet/authors/g/grosse-eric.bib",
  nam =          "89-07",
}

@Article{Coughran:1990:TSAb,
  author =       "W. M. {Coughran, Jr.} and Eric Grosse",
  title =        "Techniques for Scientific Animation---video",
  journal =      j-SPIE,
  volume =       "1259-V",
  pages =        "22:00--35:28",
  year =         "1990",
  ISBN =         "0-8194-0306-7",
  bibsource =    "ftp://ftp.math.utah.edu/pub/bibnet/authors/g/grosse-eric.bib",
  nam =          "89-07v",
}

@InProceedings{Grosse:1990:CAA,
  author =       "Eric Grosse",
  editor =       "J. Mason and M. Cox",
  booktitle =    "Algorithms for Approximation II",
  title =        "A Catalogue of Algorithms for Approximation",
  publisher =    pub-CHAPMAN-HALL,
  address =      pub-CHAPMAN-HALL:adr,
  pages =        "479--514 (of 514)",
  year =         "1990",
  ISBN =         "0-412-34580-3",
  LCCN =         "QA221 .I54 1988",
  bibdate =      "Mon Jul 11 13:32:00 MDT 1994",
  bibsource =    "ftp://ftp.math.utah.edu/pub/bibnet/authors/g/grosse-eric.bib",
  URL =          "ftp://cm.bell-labs.com/cm/cs/doc/catalog.ps.gz",
}

@Article{Grosse:1990:NN,
  author =       "Eric Grosse",
  title =        "Netlib News",
  journal =      j-SIGNUM,
  year =         "1990",
  CODEN =        "SNEWD6",
  ISSN =         "0163-5778",
  bibdate =      "Tue Apr 25 15:39:21 1995",
  bibsource =    "ftp://ftp.math.utah.edu/pub/bibnet/authors/g/grosse-eric.bib",
  note =         "Oct 90, Jan 91, Apr 92",
  URL =          "ftp://netlib.bell-labs.com/netlib/news/index.html.gz",
}

@Article{Cleveland:1991:CML,
  author =       "William S. Cleveland and Eric Grosse",
  title =        "Computational Methods for Local Regression",
  journal =      j-STAT-COMP,
  volume =       "1",
  number =       "1",
  publisher =    pub-CHAPMAN-HALL,
  address =      pub-CHAPMAN-HALL:adr,
  pages =        "47--62",
  year =         "1991",
  CODEN =        "STACE3",
  ISSN =         "0960-3174",
  bibdate =      "Mon Jul 11 13:32:00 MDT 1994",
  bibsource =    "ftp://ftp.math.utah.edu/pub/bibnet/authors/g/grosse-eric.bib",
  URL =          "ftp://cm.bell-labs.com/cm/cs/doc/91/4-04.ps.gz",
}

@InProceedings{Cleveland:1991:LRM,
  author =       "William S. Cleveland and Eric Grosse and William M.
                 Shyu",
  editor =       "John M. Chambers and Trevor J. Hastie",
  booktitle =    "Statistical Models in S",
  title =        "Local Regression Models",
  publisher =    pub-WADSWORTH # " and " # pub-BC,
  address =      pub-WADSWORTH:adr # " and " # pub-BC:adr,
  pages =        "309--376 (of xv + 608)",
  year =         "1991",
  ISBN =         "0-534-16765-9",
  LCCN =         "QA276.4 .S65 1991",
  bibsource =    "ftp://ftp.math.utah.edu/pub/bibnet/authors/g/grosse-eric.bib",
}

@InProceedings{Coughran:1991:DFT,
  author =       "W. M. {Coughran, Jr.} and Eric Grosse",
  title =        "Display of Functions of Three Space Variables and Time
                 Using Shaded Polygons and Sound",
  crossref =     "Gaffney:1992:PEH",
  pages =        "271--276",
  year =         "1991",
  bibsource =    "ftp://ftp.math.utah.edu/pub/bibnet/authors/g/grosse-eric.bib",
  URL =          "ftp://cm.bell-labs.com/cm/cs/doc/91/4-09.ps.gz",
}

@InProceedings{Coughran:1991:SHD,
  author =       "W. M. {Coughran, Jr.} and Eric Grosse",
  booktitle =    "Interface'91 Proceedings",
  title =        "Seeing and Hearing Dynamic Loess Surfaces",
  publisher =    pub-SPRINGER,
  address =      pub-SPRINGER:adr,
  pages =        "224--228",
  year =         "1991",
  bibdate =      "Mon Jul 11 13:32:00 MDT 1994",
  bibsource =    "ftp://ftp.math.utah.edu/pub/bibnet/authors/g/grosse-eric.bib",
  URL =          "ftp://cm.bell-labs.com/cm/cs/doc/91/4-07.ps.gz",
}

@InProceedings{Grosse:1991:HSW,
  author =       "Eric Grosse",
  booktitle =    "Visualization'91 Proceedings",
  title =        "How Shall We Connect Our Software Tools",
  publisher =    pub-IEEE,
  address =      pub-IEEE:adr,
  pages =        "292--296 (of xi + 437)",
  year =         "1991",
  ISBN =         "0-8186-2245-8",
  LCCN =         "Q174 .V56 1991",
  bibdate =      "Mon Jul 11 13:32:00 MDT 1994",
  bibsource =    "ftp://ftp.math.utah.edu/pub/bibnet/authors/g/grosse-eric.bib",
  URL =          "ftp://cm.bell-labs.com/cm/cs/doc/91/4-08.ps.gz",
}

@Article{Grosse:1991:NNB,
  author =       "Eric Grosse",
  title =        "{Netlib} news: big files",
  journal =      j-SIGNUM,
  volume =       "26",
  number =       "4",
  pages =        "4--5",
  month =        oct,
  year =         "1991",
  CODEN =        "SNEWD6",
  ISSN =         "0163-5778",
  bibdate =      "Fri Jan 5 07:58:42 MST 1996",
  acknowledgement = ack-nhfb,
}

@InProceedings{Coughran:1992:CFB,
  author =       "W. M. {Coughran, Jr.} and E. H. Grosse and M. R.
                 Pinto",
  booktitle =    "Workshop on Numerical Modeling of Processes and
                 Devices for Integrated Circuits: NUPAD IV. Technical
                 Digest",
  title =        "Computing Folds and Bifurcations in Current-Voltage
                 Characteristics of Semiconductor Devices",
  publisher =    pub-IEEE,
  address =      pub-IEEE:adr,
  pages =        "149--153",
  year =         "1992",
  bibdate =      "Mon Jul 11 13:32:00 MDT 1994",
  bibsource =    "ftp://ftp.math.utah.edu/pub/bibnet/authors/g/grosse-eric.bib",
}

@Article{Feigenbaum:1992:CPM,
  author =       "Joan Feigenbaum and Eric Grosse and James A. Reeds",
  title =        "Cryptographic Protection of Membership Lists",
  journal =      j-N-I-A-CR,
  volume =       "9",
  number =       "1",
  pages =        "16--20",
  year =         "1992",
  bibsource =    "ftp://ftp.math.utah.edu/pub/bibnet/authors/g/grosse-eric.bib",
  URL =          "ftp://cm.bell-labs.com/cm/cs/doc/91/4-12.ps.gz",
}

@Article{Grosse:1992:NNS,
  author =       "Eric Grosse",
  title =        "{Netlib} News: Search for Files",
  journal =      j-SIGNUM,
  volume =       "27",
  number =       "3",
  pages =        "2--??",
  month =        jul,
  year =         "1992",
  CODEN =        "SNEWD6",
  ISSN =         "0163-5778",
  bibdate =      "Fri Jan 5 07:58:42 MST 1996",
  acknowledgement = ack-nhfb,
}

@Article{Grosse:1993:AVS,
  author =       "Eric Grosse",
  title =        "Approximation in {VLSI} Simulation",
  journal =      j-NUMER-ALGORITHMS,
  volume =       "5",
  pages =        "591--601",
  year =         "1993",
  CODEN =        "NUALEG",
  ISSN =         "1017-1398",
  bibsource =    "ftp://ftp.math.utah.edu/pub/bibnet/authors/g/grosse-eric.bib",
  URL =          "ftp://cm.bell-labs.com/cm/cs/doc/93/4-05.ps.gz",
}

@Article{Grosse:1994:IRS,
  author =       "Eric Grosse and John D. Hobby",
  title =        "Improved Rounding for Spline Coefficients and Knots",
  journal =      j-MATH-COMPUT,
  volume =       "63",
  number =       "207",
  pages =        "175--194",
  year =         "1994",
  CODEN =        "MCMPAF",
  ISSN =         "0025-5718",
  MRclass =      "65D07",
  MRnumber =     "94j:65019",
  bibdate =      "Tue Mar 25 15:38:13 MST 1997",
  bibsource =    "ftp://ftp.math.utah.edu/pub/bibnet/authors/g/grosse-eric.bib",
  URL =          "ftp://cm.bell-labs.com/cm/cs/doc/93/4-13.ps.gz",
  acknowledgement = ack-nhfb,
  affiliation =  "Comput. Sci. Res., AT\&T Bell Labs., Murray Hill, NJ,
                 USA",
  classcodes =   "B0290F (Interpolation and function approximation);
                 B0290B (Error analysis in numerical methods); C4130
                 (Interpolation and function approximation); C4110
                 (Error analysis in numerical methods)",
  corpsource =   "Comput. Sci. Res., AT\&T Bell Labs., Murray Hill, NJ,
                 USA",
  keywords =     "affine model; algorithm; error; error analysis;
                 infinite-precision value; knot; knots; Lovasz basis
                 reduction; optimal full-precision free-; parameterized
                 spline; quadratic error model; rounding; roundoff
                 errors; spline coefficients; splines (mathematics)",
  treatment =    "T Theoretical or Mathematical",
}

@InProceedings{Bjorstad:1994:PDD,
  author =       "Petter Bj{{\o}}rstad and W. M. {Coughran, Jr.} and
                 Eric Grosse",
  editor =       "David E. Keys and Jinchao Xu",
  booktitle =    "Domain Decomposition Methods
                 in Scientific and Engineering Computing",
  title =        "Parallel Domain Decomposition Applied to Coupled
                 Transport Equations",
  publisher =    pub-AMS,
  address =      pub-AMS:adr,
  pages =        "369--380",
  year =         "1995",
  ISBN =         "0-8218-5171-3",
  LCCN =         "QA402.2 I55 1993",
  bibsource =    "ftp://ftp.math.utah.edu/pub/bibnet/authors/g/grosse-eric.bib",
  URL =          "ftp://cm.bell-labs.com/cm/cs/doc/94/4-03.ps.gz",
}

@InProceedings{Baker:1995:LCF,
  author =      "Brenda S. Baker and Eric Grosse",
  booktitle =   "Fourth International World Wide Web Conference",
  title =       "Local Control over Filtered {WWW} Access",
  publisher =   pub-ORA,
  address =     pub-ORA:adr,
  month =       dec,
  year =        "1995",
  bibdate =      "Tue Oct 10 15:25:15 1995",
  bibsource =    "ftp://ftp.math.utah.edu/pub/bibnet/authors/g/grosse-eric.bib",
  note =        "Boston, MA",
  URL =         "http://www.w3.org/pub/Conferences/WWW4/Papers/117/",
}

@InProceedings{Boisvert:1995:DSD,
  author =      "Ronald Boisvert and Shirley Browne and Jack Dongarra",
  booktitle =   "Digital Libraries Forum",
  title =       "Digital Software and Data Repositories for Support of
                Scientific Computing",
  publisher =   pub-SPRINGER,
  address =     pub-SPRINGER:adr,
  month =       may,
  year =        "1995",
  bibsource =    "ftp://ftp.math.utah.edu/pub/bibnet/authors/g/grosse-eric.bib",
  note =        "McLean, Virginia",
  URL =         "ftp://netlib.bell-labs.com/netlib/srwn/srwn09.ps.gz",
}

@InProceedings{Browne:1995:LIN,
  author =      "Shirley Browne and Jack Dongarra and Stan Green and
                Keith Moore and Theresa Pepin and Tom Rowan and Reed Wade
                and Eric Grosse",
  booktitle =   "Symposium on Software Reusability",
  title =       "Location-Independent Naming for Virtual Distributed Software
                Repositories",
  publisher =   pub-ACM,
  address =     pub-ACM:adr,
  month =       apr,
  year =        "1995",
  bibsource =    "ftp://ftp.math.utah.edu/pub/bibnet/authors/g/grosse-eric.bib",
  note =        "Seattle, Washington",
  URL =         "ftp://netlib.bell-labs.com/netlib/srwn/srwn07.ps.gz",
}

@Article{Browne:1995:NMS,
  author =       "Shirley Browne and Jack Dongarra and Eric Grosse and
                 Tom Rowan",
  title =        "The {Netlib Mathematical Software Repository}",
  journal =      j-D-LIB-MAGAZINE,
  publisher =    "Corporation for National Research Initiatives,
                 Reston, Virginia",
  month =        sep,
  year =         "1995",
  ISSN =         "1082-9873",
  bibdate =      "Wed Nov  1 16:13:40 1995",
  bibsource =    "ftp://ftp.math.utah.edu/pub/bibnet/authors/g/grosse-eric.bib",
  URL =          "http://www.cnri.reston.va.us/home/dlib.html",
}

@Article{Grosse:1995:RM,
  author =       "Eric Grosse",
  title =        "Repository Mirroring",
  journal =      j-TOMS,
  volume =       "21",
  number =       "1",
  pages =        "89--97",
  month =        mar,
  year =         "1995",
  CODEN =        "ACMSCU",
  ISSN =         "0098-3500",
  bibdate =      "Tue Apr 25 15:42:31 1995",
  bibsource =    "ftp://ftp.math.utah.edu/pub/bibnet/authors/g/grosse-eric.bib",
  URL =          "ftp://netlib.bell-labs.com/netlib/crc/mirror.ps.gz",
  acknowledgement = ack-rfb,
  keywords =     "C.2.4 [Computer-Communication Networks]: Distributed
                 Systems -- distributed databases",
  subject =      "archives; checksum; distributed administration;
                 electronic distribution; ftp",
}

@Article{Grosse:1996:NPC,
  author =       "Eric Grosse",
  title =        "Network Programming and {CSE}",
  journal =      j-IEEE-COMPUT-SCI-ENG,
  volume =       "3",
  number =       "2",
  pages =        "40--41",
  month =        "Summer",
  year =         "1996",
  CODEN =        "ISCEE4",
  ISSN =         "1070-9924",
  bibdate =      "Sat Jan 9 08:57:23 MST 1999",
  bibsource =    "ftp://ftp.math.utah.edu/pub/bibnet/authors/g/grosse-eric.bib",
  note =         "Discusses the emergence of systems like Java and
                 Inferno for scientific visualization.",
  acknowledgement = ack-nhfb,
  classcodes =   "B6210L (Computer communications); C6150N (Distributed
                 systems software); C5620 (Computer networks and
                 techniques); C6110B (Software engineering techniques);
                 C6110P (Parallel programming)",
  keywords =     "communication; components; computer networks; database
                 interfaces; graphical user; IEEE floating point;
                 Inferno; interfaces; interprocess; Java; language
                 support; NAG; Netlib; network naming rules; network
                 operating systems; network programming; network
                 services; networking languages; Numerical Recipes;
                 parallel; portability; portable programming;
                 programming; reusable; scientific computing; simple
                 visualization; software portability; software reuse",
  treatment =    "P Practical",
}

@InProceedings{Grosse:1997:RI,
  author =       "Eric Grosse",
  title =        "Real {Inferno}",
  crossref =     "Boisvert:1997:QNS",
  pages =        "270--279",
  year =         "1997",
  bibdate =      "Tue Jul 21 11:18:48 1998",
  bibsource =    "ftp://ftp.math.utah.edu/pub/bibnet/authors/g/grosse-eric.bib",
  URL =          "ftp://cm.bell-labs.com/inferno/real.ps",
}

@Article{Gay:1999:SAF,
  author =       "David M. Gay and Eric Grosse",
  title =        "Self-adapting {Fortran 77} Machine Constants: Comment
                 on {Algorithm 528}",
  journal =      j-TOMS,
  volume =       "25",
  number =       "1",
  pages =        "123--126",
  month =        mar,
  year =         "1999",
  CODEN =        "CACMA2",
  ISSN =         "0001-0782",
  bibdate =      "Wed Oct 20 12:38:08 1999",
  note =         "See \cite{Fox:1978:AFP}.",
  URL =          "http://www.acm.org:80/pubs/citations/journals/toms/1999-25-1/p123-gay/;
                 http://www.acm.org/pubs/citations/journals/toms/cgi-bin/TOMSbibget?Gay:1999:SAF;
                 http://www.acm.org/pubs/citations/journals/toms/cgi-bin/TOMScitation?Fox:1978:AFP;
                 http://cm.bell-labs.com/who/ehg/mach/d1mach.ps",
  abstract =     "This note discusses user dissatisfaction with the need
                 to uncomment data statements in Algorithm 528, comments
                 on alternative approaches tried by the community, and
                 proposes a solution that is both automatic and safe.",
  acknowledgement = ack-nhfb,
  keywords =     "algorithms; d1mach; languages; machine environment
                 parameters",
  subject =      "{\bf D.3.2} Software, PROGRAMMING LANGUAGES, Language
                 Classifications, FORTRAN 77. {\bf G.1.0} Mathematics of
                 Computing, NUMERICAL ANALYSIS, General, Computer
                 arithmetic.",
}

@InProceedings{Young:2001:PIP,
  author =       "Cliff Young and Y. N. Lakshman and Tom Szymanski and
                 John Reppy and David Presotto and Rob Pike and Girija
                 Narlikar and Sape Mullender and Eric Grosse",
  booktitle =    "Eighth IEEE Workshop on Hot Topics in Operating
                 Systems (HotOS-VIII). May 20--23, 2001, Schoss Elmau,
                 Germany",
  title =        "Protium, and Infrastructure for Partitioned
                 Applications",
  publisher =    pub-IEEE,
  address =      pub-IEEE:adr,
  pages =        "41--46",
  year =         "2001",
  ISBN =         "0-7695-1040-X",
  bibdate =      "Mon May 28 08:55:24 2001",
  note =         "IEEE catalog number PR01040.",
  price =        "US\$135.00",
  URL =          "http://computer.org/CSPRESS/CATALOG/pr01040.htm;
                  http://i30www.ira.uka.de/conferences/HotOS/",
}

@InProceedings{Cox:2002:SP9,
  author =       "Russ Cox and Eric Grosse and Rob Pike and Dave
                 Presotto and Sean Quinlan",
  title =        "Security in {Plan 9}",
  crossref =     "USENIX:2002:PUS",
  pages =        "3--16",
  year =         "2002",
  URL =          "http://www.usenix.org/publications/library/proceedings/sec02/cox.html",
  annote =       "Best conference paper award.",
}

@Article{Grosse:2003:NPA,
  author =       "Eric Grosse and Lakshman Y. N.",
  title =        "Network Processors Applied to {IPv4\slash IPv6}
                 Transition",
  journal =      j-IEEE-NETWORK,
  volume =       "17",
  number =       "4",
  pages =        "35--39",
  year =         "2003",
  ISSN =         "0890-8044",
  bibdate =      "Mon Aug 11 15:02:46 2003",
}

%%% ====================================================================
%%% Cross-referenced entries must come last:

@Proceedings{ARO:1978:PAN,
  key =          "ARL-78-3",
  title =        "Proceedings of the 1978 Army Numerical Analysis and
                  Computers Conference (15th: 1978: U.S. Army Missile
                  Research and Development Command, Redstone Arsenal,
                  Alabama)",
  number =       "78-3",
  publisher =    "U.S. Army Research Office",
  pages =        "xi + 322",
  year =         "1978",
  bibdate =      "Fri Jun 23 16:20:23 1995",
  bibsource =    "ftp://ftp.math.utah.edu/pub/bibnet/authors/g/grosse-eric.bib",
  series =       "ARO report",
}

@Proceedings{ACM:1985:PSA,
  key =          "STOC'85",
  title =        "Proceedings of the Seventeenth Annual ACM Symposium
                  on Theory of Computing, Providence, Rhode Island,
                  May 6--8, 1985",
  publisher =    pub-ACM,
  address =      pub-ACM:adr,
  pages =        "vi + 484",
  year =         "1985",
  ISBN =         "0-89791-151-2",
  LCCN =         "QA 76.6 A13 1985",
  bibdate =      "Sat Jun 24 15:00:02 1995",
  bibsource =    "ftp://ftp.math.utah.edu/pub/bibnet/authors/g/grosse-eric.bib",
}

@Proceedings{Gaffney:1992:PEH,
  editor =       "P. W. Gaffney and E. N. Houstis",
  title =        "Programming environments for high-level scientific
                  problem solving: Proceedings of the IFIP TC2/WG 2.5
                  Working Conference on Programming Environments for
                  High-Level Scientific Problem Solving, Karlsruhe",
  publisher =    pub-NH,
  address =      pub-NH:adr,
  pages =        "xiii + 405",
  year =         "1992",
  ISBN =         "0-444-89176-5",
  LCCN =         "QA76.6 .I1782 1992",
  bibdate =      "Fri Jun 23 16:14:09 1995",
  bibsource =    "ftp://ftp.math.utah.edu/pub/bibnet/authors/g/grosse-eric.bib",
}

@Proceedings{Boisvert:1997:QNS,
  editor =       "Ronald F. Boisvert",
  booktitle =    "The Quality of Numerical Software: Assessment and
                 Enhancement: Proceedings of the {IFIP} {TC2}\slash {WG}
                 2.5 Working Conference on the Quality of Numerical
                 Software, Oxford, United Kingdon, 8--12 July 1996",
  title =        "The Quality of Numerical Software: Assessment and
                 Enhancement: Proceedings of the {IFIP} {TC2}\slash {WG}
                 2.5 Working Conference on the Quality of Numerical
                 Software, Oxford, United Kingdon, 8--12 July 1996",
  publisher =    "Chapman Hall on behalf of IFIP",
  address =      "London",
  year =         "1997",
  ISBN =         "0-412-80530-8",
  bibdate =      "Tue Jul 21 11:17:29 1998",
  bibsource =    "ftp://ftp.math.utah.edu/pub/bibnet/authors/g/grosse-eric.bib",
}

@Proceedings{USENIX:2002:PUS,
  editor =       "{USENIX}",
  booktitle =    "Proceedings of the 11th USENIX Security Symposium
                 2002, August 5--9, 2002, San Francisco CA",
  title =        "Proceedings of the 11th {USENIX} Security Symposium
                 2002, August 5--9, 2002, San Francisco {CA}",
  publisher =    pub-USENIX,
  address =      pub-USENIX:adr,
  pages =        "????",
  year =         "2002",
  ISBN =         "1-931971-00-5",
  LCCN =         "????",
  bibdate =      "Tue Oct 15 07:55:57 2002",
  acknowledgement = ack-nhfb,
}
