@preamble{ "{\catcode`\/=\active
\catcode`\.=\active
\catcode`\-=\active
\catcode`\@=\active
\gdef\brk{\catcode`\/=\active
\catcode`\.=\active
\catcode`\-=\active
\catcode`\@=\active
\def/{\discretionary{\char`\/}{}{\char`\/}}%
\def.{\discretionary{\char`\.}{}{\char`\.}}%
\def-{\discretionary{\char`\-}{}{\char`\-}}%
\def@{\discretionary{\char`\@}{}{\char`\@}}}}" }


@PREAMBLE{ "\newcommand{\noopsort}[1]{} "
	 # "\newcommand{\singleletter}[1]{#1} " }
	 

@article{aberle2003,
	Author = {J. Aberle and V. Nik{\"o}ra and S. McLean and C. Doscher and I. McEwan and M. Green and D. Goring and J. Walsh},
	Date-Modified = {2005-01-12 07:25:33 -0800},
	Journal = {Journal of Hydraulic Engineering},
	Keywords = {erosion},
	Local-Url = {file://localhost/Volumes/Local/Users/amaxwell/Doctorate/Articles/aberle2003.pdf},
	Month = {a},
	Number = {1},
	Pages = {63--67},
	Title = {Straight {Benthic} Flow-Through Flume for In Situ Measurement of Cohesive Sediment Dynamics},
	Volume = {129},
	Year = {2003}}

@inproceedings{chou1993,
	Address = {Washington, D.C.},
	Author = {Hsien-Ter Chou and Mostafa A. Foda and James R. Hunt},
	Booktitle = {Nearshore and Estuarine Cohesive Sediment Transport},
	Editor = {Ashish J. Mehta},
	Keywords = {rheology, viscosity},
	Pages = {126--147},
	Publisher = {American Geophysical Union},
	Title = {Rheological response of cohesive sediments to oscillatory forcing},
	Year = {1993}}

@article{gutierrez2002,
	Author = {Marte S. Gutierrez and Roland W. Lewis},
	Journal = {Journal of Engineering Mechanics},
	Keywords = {geologic},
	Month = {July},
	Number = {7},
	Pages = {779--787},
	Title = {Coupling of Fluid Flow and Deformation in Underground Formations},
	Volume = {128},
	Year = {2002}}

@article{lioubashevski1999,
	Author = {O. Lioubashevski and Y. Hamiel and A. Agnon and Z. Reches and J. Fineberg},
	Date-Modified = {2004-11-30 19:16:52 -0800},
	Journal = {Physical Review Letters},
	Keywords = {pressure, waves},
	Local-Url = {file://localhost/Volumes/Local/Users/amaxwell/Doctorate/Articles/Lioubashevski1999.pdf},
	Number = {16},
	Pages = {3190--3193},
	Title = {Oscillons and Propagating Solitary Waves in a Vertically Vibrated Colloidal Suspension},
	Volume = {83},
	Year = {1999}}