@string(macro = "macro  text ",
        foo = {blah blah  } # " ding dong ")
