@preamble{" This is   a preamble" # 
          {---the concatenation of several strings}}
