% a sample "regular" entry (ie. not a @comment, @preamble, or @string)

@book{abook, 
title = {A } # "Book",                   % an in-entry comment
editor = {  John Q.  Random} # junk,
publisher = {Foo Bar \& Sons}, 
year = 1922
}
