@misc{foo,
title = "Placeholder",
year = 1990,
author = "Mike"
}
