@article{known,
   author = {A. Known and G. K{\"o}nig},
   title = {Fast reactions in LaTeX conversion},
   journal = {J Nonreproducible Results},
   volume = {24},
   pages = {319--34},
   year = {1978},
}
@article{known2,
   author = {A. Known and B. Betterknown},
   title = {Fast reactions in LaTeX conversion, a reprise},
   journal = {J Nonreproducible Results},
   volume = {34},
   pages = {119--34},
   year = {1979},
}
@article{knšwn3,
   author = {A. Knšwn and B. Betterknown},
   title = {Fast reactions in LaTeX conversion, a reprise},
   journal = {J Nonreproducible Results},
   volume = {34},
   pages = {119--34},
   year = {1979},
}

