%% This BibTeX bibliography file was created using BibDesk.
%% http://www.cs.ucsd.edu/~mmccrack/bibdesk.html


%% Created for Sven-S. Porst at 2004-07-12 02:29:45 +0200 



@article{math.DG/0106179,
	Author = {M. K. Murray and D. Stevenson},
	Eprint = {arXiv:math.DG/0106179},
	Journal = {Commun. Math. Phys.},
	Local-Url = {/Users/ssp/Quellen/Mathe/math.DG-0106179.pdf},
	Pages = {541--555},
	Title = {{Higgs fields, bundle gerbes and string structures}},
	Url = {http://de.arxiv.org/pdf/math.DG/0106179.pdf},
	Volume = {243},
	Year = {2003}}

@article{chen-complex,
	Author = {Chen, Jingyi},
	Coden = {CMPHAY},
	Fjournal = {Communications in Mathematical Physics},
	Issn = {0010-3616},
	Journal = {Comm. Math. Phys.},
	Local-Url = {/Users/ssp/Quellen/Mathe/Chen-Complex.pdf},
	Mrclass = {53C07 (14J32 53C26 53C27 53C38)},
	Mrnumber = {2000j:53028},
	Mrreviewer = {Andrew Swann},
	Number = {1},
	Pages = {217--247},
	Title = {Complex anti-self-dual connections on a product of {C}alabi-{Y}au surfaces and triholomorphic curves},
	Volume = {201},
	Year = {1999}}

@misc{math.DG/9908135,
	Author = {Michael K. Murray and Daniel Stevenson},
	Eprint = {math.DG/9908135},
	Local-Url = {file://localhost/Users/ssp/Quellen/Mathe/9908135.pdf},
	Title = {{Bundle gerbes: stable isomorphism and local theory}}}